<record><leader>00000cas a22000007a 4500</leader><controlfield tag="001">20920241</controlfield><controlfield tag="008">900118d19201923vaudn ne      0    0eng d</controlfield><datafield ind1=" " ind2=" " tag="010"><subfield code="a">sn 90052007 </subfield></datafield><datafield ind1=" " ind2=" " tag="040"><subfield code="a">NLG</subfield><subfield code="b">eng</subfield><subfield code="c">NLG</subfield><subfield code="d">NVK</subfield><subfield code="d">OCL</subfield><subfield code="d">NVK</subfield><subfield code="d">UKMGB</subfield><subfield code="d">OCLCQ</subfield><subfield code="d">OCLCF</subfield><subfield code="d">OCLCO</subfield></datafield><datafield ind1="7" ind2=" " tag="016"><subfield code="a">013909878</subfield><subfield code="2">Uk</subfield></datafield><datafield ind1=" " ind2=" " tag="042"><subfield code="a">msc</subfield></datafield><datafield ind1=" " ind2=" " tag="043"><subfield code="a">n-us-va</subfield></datafield><datafield ind1="0" ind2=" " tag="130"><subfield code="a">Evening dispatch (Richmond, Va.)</subfield></datafield><datafield ind1="1" ind2="4" tag="245"><subfield code="a">The evening dispatch.</subfield></datafield><datafield ind1="3" ind2="0" tag="246"><subfield code="a">Evening dispatch and journal</subfield></datafield><datafield ind1=" " ind2=" " tag="260"><subfield code="a">Richmond, Va. :</subfield><subfield code="b">Times-Dispatch Pub. Co.,</subfield><subfield code="c">1920-1923.</subfield></datafield><datafield ind1=" " ind2=" " tag="300"><subfield code="a">v.</subfield></datafield><datafield ind1=" " ind2=" " tag="310"><subfield code="a">Daily (except Sun.)</subfield></datafield><datafield ind1="0" ind2=" " tag="362"><subfield code="a">Vol. 1, no. 1 (Sept. 27, 1920)- ; whole no. 4791 (Oct. 6, 1920)-whole no. 5754 (Nov. 9, 1923).</subfield></datafield><datafield ind1=" " ind2=" " tag="500"><subfield code="a">Published various editions, including; "Home" and "Final."</subfield></datafield><datafield ind1=" " ind2=" " tag="500"><subfield code="a">Includes "Saturday Feature Section."</subfield></datafield><datafield ind1=" " ind2=" " tag="500"><subfield code="a">Published as: The evening dispatch and journal, Sept. 27, 1920-Oct. 5, 1920.</subfield></datafield><datafield ind1=" " ind2=" " tag="530"><subfield code="a">Microfilm available from Micro Photo Inc.</subfield></datafield><datafield ind1=" " ind2="0" tag="651"><subfield code="a">Richmond (Va.)</subfield><subfield code="v">Newspapers.</subfield></datafield><datafield ind1=" " ind2="7" tag="655"><subfield code="a">Newspapers.</subfield><subfield code="2">fast</subfield><subfield code="0">(OCoLC)fst01423814</subfield></datafield><datafield ind1=" " ind2="7" tag="651"><subfield code="a">Virginia</subfield><subfield code="z">Richmond.</subfield><subfield code="2">fast</subfield><subfield code="0">(OCoLC)fst01205345</subfield></datafield><datafield ind1=" " ind2=" " tag="752"><subfield code="a">United States</subfield><subfield code="b">Virginia</subfield><subfield code="d">Richmond.</subfield></datafield><datafield ind1="0" ind2=" " tag="775"><subfield code="t">Richmond times-dispatch</subfield><subfield code="w">(DLC)sn 83045389</subfield></datafield><datafield ind1="0" ind2="0" tag="780"><subfield code="t">Evening journal (Richmond, Va. : 1905)</subfield><subfield code="w">(DLC)sn 86071841</subfield></datafield></record>